<?xml version="1.0" encoding="UTF-8"?><collection xmlns="http://www.loc.gov/MARC21/slim"><record><leader>00417nam--2200133-i-4500</leader><controlfield tag="001">000012255</controlfield><controlfield tag="002">20161230</controlfield><controlfield tag="005">20161230201029</controlfield><controlfield tag="008">060222s1000------------r-----000-0-eng-d</controlfield><datafield ind1=" " ind2=" " tag="080"><subfield code="a">621.375.826:541.6:57:53</subfield></datafield><datafield ind1=" " ind2=" " tag="100"><subfield code="a">Berne, Bruce J.And Pecora, Robert</subfield></datafield><datafield ind1=" " ind2=" " tag="245"><subfield code="a">Dynamic light scattering. with applications to chemistry, biology and physics</subfield></datafield><datafield ind1=" " ind2=" " tag="260"><subfield code="a">New York, John Wiley &amp; Sons, Inc., 1976 376 P</subfield></datafield><datafield ind1=" " ind2=" " tag="852"><subfield code="a">45156</subfield></datafield></record></collection>